@misc{ripe_labs, 
 author={RIPE NCC},
 title={Number of {R}emaining {I}{P}v4 {A}ddresses}, 
 howpublished={\url{https://labs.ripe.net/statistics/number-of-remaining-ipv4-addresses-daily}}, 
},

@misc{google_ipv6, 
author={Google},
title={IPv6 Adoption}, 
howpublished={\url{https://www.google.com/intl/en/ipv6/statistics.html}}, 
},

@article {briancarpenter2014,
    author  = "Brian E. Carpenter",
    title   = "IP Addresses Considered Harmful",
    journal = "SIGCOMM Comput. Commun. Rev.",
    year    = "2014",
    volume  = "44",
    number  = "2",
    pages   = "65-69",
    month   = "apr"
},

@misc{iot_stat, 
author={Statista},
title={Number of connected devices worldwide in 2014 and 2020, by device (in millions)}, 
howpublished={\url{https://www.statista.com/statistics/512650/worldwide-connected-devices-amount/}}, 
},

@techreport{rfc4984,
   AUTHOR = "D. Meyer, Ed and L. Zhang, Ed. and K. Fall, Ed",
   TITLE = "{Report from the IAB Workshop on Routing and Addressing}",
   HOWPUBLISHED = {Internet Requests for Comments},
   TYPE="{RFC}",
   NUMBER=4984,
   PAGES = {1-37},
   YEAR = {2007},
   MONTH = {September},
   ISSN = {2070-1721},
   PUBLISHER = "{RFC Editor}",
   INSTITUTION = "{RFC Editor}",
   URL={https://tools.ietf.org/html/rfc4984#section-2}
}


